<record><leader>00000cas a22000007a 4500</leader><controlfield tag="001">11279743</controlfield><controlfield tag="008">841018d18uu1872ohuir ne      0    0eng d</controlfield><datafield ind1=" " ind2=" " tag="010"><subfield code="a">sn 84028632 </subfield></datafield><datafield ind1=" " ind2=" " tag="040"><subfield code="a">NPY</subfield><subfield code="b">eng</subfield><subfield code="c">NPY</subfield><subfield code="d">NPX</subfield><subfield code="d">ONP</subfield><subfield code="d">OCLCQ</subfield></datafield><datafield ind1=" " ind2=" " tag="042"><subfield code="a">msc</subfield></datafield><datafield ind1="0" ind2="0" tag="245"><subfield code="a">Tri-weekly Ohio State journal.</subfield></datafield><datafield ind1=" " ind2=" " tag="260"><subfield code="a">Columbus, Ohio :</subfield><subfield code="b">Cooke &amp; Millers</subfield></datafield><datafield ind1=" " ind2=" " tag="300"><subfield code="a">v. :</subfield><subfield code="b">ill. (chiefly adv.) ;</subfield><subfield code="c">61 cm.</subfield></datafield><datafield ind1=" " ind2=" " tag="310"><subfield code="a">Triweekly</subfield></datafield><datafield ind1="1" ind2=" " tag="362"><subfield code="a">Ceased in Oct. 1872?</subfield></datafield><datafield ind1=" " ind2=" " tag="500"><subfield code="a">Publishers: Cooke &amp; Millers, &lt;1859&gt;; Henry D. Cooke &amp; Co., &lt;1859&gt;; Cooke, Hurtt &amp; Co., &lt;1860&gt;.</subfield></datafield><datafield ind1=" " ind2=" " tag="580"><subfield code="a">Daily eds.: Daily Ohio State journal (Columbus, Ohio : 1848), 1848-1865; Columbus morning journal, 1865-1866; Morning journal (Columbus, Ohio), 1866-1869; Ohio State journal (Columbus, Ohio : 1869), 1869-1870; and Daily Ohio State journal (Columbus, Ohio : 1870), 1870-1872.</subfield></datafield><datafield ind1=" " ind2=" " tag="580"><subfield code="a">Weekly eds.: Weekly Ohio State journal (Columbus, Ohio : 1858), 1858-186u; Ohio State journal (Columbus, Ohio : 1867 : Weekly), 186u-1869; and Weekly Ohio State journal (Columbus, Ohio : 1869), 1969-1872.</subfield></datafield><datafield ind1=" " ind2=" " tag="588"><subfield code="a">Description based on: Vol. 48, no. 29 (Mar. 15, 1859).</subfield></datafield><datafield ind1=" " ind2=" " tag="752"><subfield code="a">United States</subfield><subfield code="b">Ohio</subfield><subfield code="c">Franklin</subfield><subfield code="d">Columbus.</subfield></datafield><datafield ind1="1" ind2=" " tag="775"><subfield code="t">Daily Ohio State journal (Columbus, Ohio : 1848)</subfield><subfield code="w">(DLC)sn 84024216</subfield></datafield><datafield ind1="1" ind2=" " tag="775"><subfield code="t">Columbus morning journal</subfield><subfield code="w">(DLC)sn 84028628</subfield></datafield><datafield ind1="1" ind2=" " tag="775"><subfield code="t">Morning journal (Columbus, Ohio)</subfield><subfield code="w">(DLC)sn 84028629</subfield></datafield><datafield ind1="1" ind2=" " tag="775"><subfield code="t">Ohio State journal (Columbus, Ohio : 1869)</subfield><subfield code="w">(DLC)sn 84028630</subfield></datafield><datafield ind1="1" ind2=" " tag="775"><subfield code="t">Daily Ohio State journal (Columbus, Ohio : 1870)</subfield><subfield code="w">(DLC)sn 84028631</subfield></datafield><datafield ind1="1" ind2=" " tag="775"><subfield code="t">Weekly Ohio State journal (Columbus, Ohio : 1858)</subfield><subfield code="w">(DLC)sn 85025899</subfield></datafield><datafield ind1="1" ind2=" " tag="775"><subfield code="t">Ohio State journal (Columbus, Ohio : 1867 : Weekly)</subfield><subfield code="w">(DLC)sn 88077801</subfield></datafield><datafield ind1="1" ind2=" " tag="775"><subfield code="t">Weekly Ohio State journal (Columbus, Ohio : 1869)</subfield><subfield code="w">(DLC)sn 88077802</subfield></datafield><datafield ind1="0" ind2="0" tag="780"><subfield code="t">Ohio State journal (Columbus, Ohio : 1844)</subfield><subfield code="w">(DLC)sn 88077798</subfield></datafield></record>